<record><leader>00000cas a22000007a 4500</leader><controlfield tag="001">10418875</controlfield><controlfield tag="008">840215d18711879pauwr ne      0    0eng d</controlfield><datafield ind1=" " ind2=" " tag="010"><subfield code="a">sn 84026122 </subfield></datafield><datafield ind1=" " ind2=" " tag="040"><subfield code="a">NPU</subfield><subfield code="b">eng</subfield><subfield code="c">NPU</subfield><subfield code="d">NPH</subfield><subfield code="d">NPX</subfield><subfield code="d">OCLCQ</subfield></datafield><datafield ind1=" " ind2=" " tag="042"><subfield code="a">msc</subfield></datafield><datafield ind1="0" ind2="0" tag="245"><subfield code="a">Manayunk sentinel. Roxborough and Falls of Schuylkill gazette.</subfield></datafield><datafield ind1="1" ind2="3" tag="246"><subfield code="a">Manayunk sentinel and star</subfield></datafield><datafield ind1="1" ind2="3" tag="246"><subfield code="a">Manayunk sentinel</subfield></datafield><datafield ind1=" " ind2=" " tag="260"><subfield code="a">Manayunk, Philadelphia [Pa.] :</subfield><subfield code="b">Josephus Yeakel,</subfield><subfield code="c">1871-1879.</subfield></datafield><datafield ind1=" " ind2=" " tag="300"><subfield code="a">9 v. ;</subfield><subfield code="c">54 cm.</subfield></datafield><datafield ind1=" " ind2=" " tag="310"><subfield code="a">Weekly</subfield></datafield><datafield ind1="0" ind2=" " tag="362"><subfield code="a">Vol. 6, no. 27 (May 6, 1871)-v. 14, no. 53 (Oct. 31, 1879).</subfield></datafield><datafield ind1=" " ind2=" " tag="500"><subfield code="a">Editor: Josephus Yeakel, &lt;1876&gt;.</subfield></datafield><datafield ind1=" " ind2=" " tag="752"><subfield code="a">United States</subfield><subfield code="b">Pennsylvania</subfield><subfield code="c">Philadelphia</subfield><subfield code="d">Philadelphia.</subfield></datafield><datafield ind1=" " ind2=" " tag="752"><subfield code="a">United States</subfield><subfield code="b">Pennsylvania</subfield><subfield code="c">Philadelphia</subfield><subfield code="d">Manayunk.</subfield></datafield><datafield ind1="0" ind2="0" tag="780"><subfield code="t">Sentinel (Philadelphia, Pa.)</subfield><subfield code="w">(DLC)sn 85055184</subfield></datafield><datafield ind1="0" ind2="0" tag="785"><subfield code="t">Manayunk sentinel, Roxborough, Falls of Schuylkill, and Lower Merion gazette</subfield><subfield code="w">(DLC)sn 86081309</subfield></datafield><datafield ind1="1" ind2=" " tag="029"><subfield code="a">AU@</subfield><subfield code="b">000025840505</subfield></datafield></record>